@Article{Price_2011,
  doi = {10.1371/journal.pgen.1001317},
  url = {http://dx.doi.org/10.1371/journal.pgen.1001317},
  year = {2011},
  month = {feb},
  publisher = {Public Library of Science ({PLoS})},
  volume = {7},
  number = {2},
  pages = {e1001317},
  author = {Alkes L. Price and Agnar Helgason and Gudmar Thorleifsson and Steven A. McCarroll and Augustine Kong and Kari Stefansson},
  editor = {Greg Gibson},
  title = {Single-Tissue and Cross-Tissue Heritability of Gene Expression Via Identity-by-Descent in Related or Unrelated Individuals},
  journal = {{PLoS} Genetics},
}

@Article{Innocenti_2011,
  doi = {10.1371/journal.pgen.1002078},
  url = {http://dx.doi.org/10.1371/journal.pgen.1002078},
  year = {2011},
  month = {may},
  publisher = {Public Library of Science ({PLoS})},
  volume = {7},
  number = {5},
  pages = {e1002078},
  author = {Federico Innocenti and Gregory M. Cooper and Ian B. Stanaway and Eric R. Gamazon and Joshua D. Smith and Snezana Mirkov and Jacqueline Ramirez and Wanqing Liu and Yvonne S. Lin and Cliona Moloney and Shelly Force Aldred and Nathan D. Trinklein and Erin Schuetz and Deborah A. Nickerson and Ken E. Thummel and Mark J. Rieder and Allan E. Rettie and Mark J. Ratain and Nancy J. Cox and Christopher D. Brown},
  editor = {John D. Storey},
  title = {Identification, Replication, and Functional Fine-Mapping of Expression Quantitative Trait Loci in Primary Human Liver Tissue},
  journal = {{PLoS} Genetics},
}

@Article{Fuchsberger_2014,
  doi = {10.1093/bioinformatics/btu704},
  url = {http://dx.doi.org/10.1093/bioinformatics/btu704},
  year = {2014},
  month = {oct},
  publisher = {Oxford University Press ({OUP})},
  volume = {31},
  number = {5},
  pages = {782--784},
  author = {C. Fuchsberger and G. R. Abecasis and D. A. Hinds},
  title = {minimac2: faster genotype imputation},
  journal = {Bioinformatics},
}

@Article{Harrow_2012,
  doi = {10.1101/gr.135350.111},
  url = {http://dx.doi.org/10.1101/gr.135350.111},
  year = {2012},
  month = {sep},
  publisher = {Cold Spring Harbor Laboratory Press},
  volume = {22},
  number = {9},
  pages = {1760--1774},
  author = {J. Harrow and A. Frankish and J. M. Gonzalez and E. Tapanari and M. Diekhans and F. Kokocinski and B. L. Aken and D. Barrell and A. Zadissa and S. Searle and I. Barnes and A. Bignell and V. Boychenko and T. Hunt and M. Kay and G. Mukherjee and J. Rajan and G. Despacio-Reyes and G. Saunders and C. Steward and R. Harte and M. Lin and C. Howald and A. Tanzer and T. Derrien and J. Chrast and N. Walters and S. Balasubramanian and B. Pei and M. Tress and J. M. Rodriguez and I. Ezkurdia and J. {van Baren} and M. Brent and D. Haussler and M. Kellis and A. Valencia and A. Reymond and M. Gerstein and R. Guigo and T. J. Hubbard},
  title = {{GENCODE}: The reference human genome annotation for The {ENCODE} Project},
  journal = {Genome Research},
}

@Article{Wright_2014,
  doi = {10.1038/ng.2951},
  url = {http://dx.doi.org/10.1038/ng.2951},
  year = {2014},
  month = {apr},
  publisher = {Nature Publishing Group},
  volume = {46},
  number = {5},
  pages = {430--437},
  author = {Fred A Wright and Patrick F Sullivan and Andrew I Brooks and Fei Zou and Wei Sun and Kai Xia and Vered Madar and Rick Jansen and Wonil Chung and Yi-Hui Zhou and Abdel Abdellaoui and Sandra Batista and Casey Butler and Guanhua Chen and Ting-Huei Chen and David D\textquotesingleAmbrosio and Paul Gallins and Min Jin Ha and Jouke Jan Hottenga and Shunping Huang and Mathijs Kattenberg and Jaspreet Kochar and Christel M Middeldorp and Ani Qu and Andrey Shabalin and Jay Tischfield and Laura Todd and Jung-Ying Tzeng and Gerard {van Grootheest} and Jacqueline M Vink and Qi Wang and Wei Wang and Weibo Wang and Gonneke Willemsen and Johannes H Smit and Eco J {de Geus} and Zhaoyu Yin and Brenda W J H Penninx and Dorret I Boomsma},
  title = {Heritability and genomics of gene expression in peripheral blood},
  journal = {Nat Genet},
}

@Article{Ardlie_2015,
  doi = {10.1126/science.1262110},
  url = {http://dx.doi.org/10.1126/science.1262110},
  year = {2015},
  month = {may},
  publisher = {American Association for the Advancement of Science ({AAAS})},
  volume = {348},
  number = {6235},
  pages = {648--660},
  author = {K. G. Ardlie and D. S. Deluca and A. V. Segre and T. J. Sullivan and T. R. Young and E. T. Gelfand and C. A. Trowbridge and J. B. Maller and T. Tukiainen and M. Lek and L. D. Ward and P. Kheradpour and B. Iriarte and Y. Meng and C. D. Palmer and T. Esko and W. Winckler and J. N. Hirschhorn and M. Kellis and D. G. MacArthur and G. Getz and A. A. Shabalin and G. Li and Y.-H. Zhou and A. B. Nobel and I. Rusyn and F. A. Wright and T. Lappalainen and P. G. Ferreira and H. Ongen and M. A. Rivas and A. Battle and S. Mostafavi and J. Monlong and M. Sammeth and M. Mele and F. Reverter and J. M. Goldmann and D. Koller and R. Guigo and M. I. McCarthy and E. T. Dermitzakis and E. R. Gamazon and H. K. Im and A. Konkashbaev and D. L. Nicolae and N. J. Cox and T. Flutre and X. Wen and M. Stephens and J. K. Pritchard and Z. Tu and B. Zhang and T. Huang and Q. Long and L. Lin and J. Yang and J. Zhu and J. Liu and A. Brown and B. Mestichelli and D. Tidwell and E. Lo and M. Salvatore and S. Shad and J. A. Thomas and J. T. Lonsdale and M. T. Moser and B. M. Gillard and E. Karasik and K. Ramsey and C. Choi and B. A. Foster and J. Syron and J. Fleming and H. Magazine and R. Hasz and G. D. Walters and J. P. Bridge and M. Miklos and S. Sullivan and L. K. Barker and H. M. Traino and M. Mosavel and L. A. Siminoff and D. R. Valley and D. C. Rohrer and S. D. Jewell and P. A. Branton and L. H. Sobin and M. Barcus and L. Qi and J. McLean and P. Hariharan and K. S. Um and S. Wu and D. Tabor and C. Shive and A. M. Smith and S. A. Buia and A. H. Undale and K. L. Robinson and N. Roche and K. M. Valentino and A. Britton and R. Burges and D. Bradbury and K. W. Hambright and J. Seleski and G. E. Korzeniewski and K. Erickson and Y. Marcus and J. Tejada and M. Taherian and C. Lu and M. Basile and D. C. Mash and S. Volpi and J. P. Struewing and G. F. Temple and J. Boyer and D. Colantuoni and R. Little and S. Koester and L. J. Carithers and H. M. Moore and P. Guan and C. Compton and S. J. Sawyer and J. P. Demchok and J. B. Vaught and C. A. Rabiner and N. C. Lockhart and K. G. Ardlie and G. Getz and F. A. Wright and M. Kellis and S. Volpi and E. T. Dermitzakis},
  title = {The Genotype-Tissue Expression ({GTEx}) pilot analysis: Multitissue gene regulation in humans},
  journal = {Science},
}

@Article{Im_2012,
  doi = {10.1371/journal.pgen.1002525},
  url = {http://dx.doi.org/10.1371/journal.pgen.1002525},
  year = {2012},
  month = {feb},
  publisher = {Public Library of Science ({PLoS})},
  volume = {8},
  number = {2},
  pages = {e1002525},
  author = {Hae Kyung Im and Eric R. Gamazon and Amy L. Stark and R. Stephanie Huang and Nancy J. Cox and M. Eileen Dolan},
  editor = {Joshua M. Akey},
  title = {Mixed Effects Modeling of Proliferation Rates in Cell-Based Models: Consequence for Pharmacogenomics and Cancer},
  journal = {{PLoS} Genetics},
}

@Misc{greycite30464,
  url = {http://www.jstor.org/stable/2346178},
  title = {
    Regression Shrinkage and Selection via the Lasso on JSTOR
},
  howpublished = {\url{http://www.jstor.org/stable/2346178}},
  archived = {http://greycite.knowledgeblog.org/?uri=http%3A%2F%2Fwww.jstor.org%2Fstable%2F2346178},
  year = {2015},
}

@Article{Stegle_2012,
  doi = {10.1038/nprot.2011.457},
  url = {http://dx.doi.org/10.1038/nprot.2011.457},
  year = {2012},
  month = {feb},
  publisher = {Nature Publishing Group},
  volume = {7},
  number = {3},
  pages = {500--507},
  author = {Oliver Stegle and Leopold Parts and Matias Piipari and John Winn and Richard Durbin},
  title = {Using probabilistic estimation of expression residuals ({PEER}) to obtain increased power and interpretability of gene expression analyses},
  journal = {Nature Protocols},
}

@Article{Hoerl_1970,
  doi = {10.1080/00401706.1970.10488635},
  url = {http://dx.doi.org/10.1080/00401706.1970.10488635},
  year = {1970},
  month = {feb},
  publisher = {Informa {UK} Limited},
  volume = {12},
  number = {1},
  pages = {69--82},
  author = {Arthur E. Hoerl and Robert W. Kennard},
  title = {Ridge Regression: Applications to Nonorthogonal Problems},
  journal = {Technometrics},
}

@Article{Battle_2013,
  doi = {10.1101/gr.155192.113},
  url = {http://dx.doi.org/10.1101/gr.155192.113},
  year = {2013},
  month = {oct},
  publisher = {Cold Spring Harbor Laboratory Press},
  volume = {24},
  number = {1},
  pages = {14--24},
  author = {A. Battle and S. Mostafavi and X. Zhu and J. B. Potash and M. M. Weissman and C. McCormick and C. D. Haudenschild and K. B. Beckman and J. Shi and R. Mei and A. E. Urban and S. B. Montgomery and D. F. Levinson and D. Koller},
  title = {Characterizing the genetic basis of transcriptome diversity through {RNA}-sequencing of 922 individuals},
  journal = {Genome Research},
}

@Manual{Bates_2014,
  title = {{lme4}: Linear mixed-effects models using Eigen and S4},
  author = {Douglas Bates and Martin Maechler and Ben Bolker and Steven Walker},
  year = {2014},
  note = {R package version 1.1-7},
  url = {http://CRAN.R-project.org/package=lme4},
}

@Article{Stranger_2012,
  doi = {10.1371/journal.pgen.1002639},
  url = {http://dx.doi.org/10.1371/journal.pgen.1002639},
  year = {2012},
  month = {apr},
  publisher = {Public Library of Science ({PLoS})},
  volume = {8},
  number = {4},
  pages = {e1002639},
  author = {Barbara E. Stranger and Stephen B. Montgomery and Antigone S. Dimas and Leopold Parts and Oliver Stegle and Catherine E. Ingle and Magda Sekowska and George Davey Smith and David Evans and Maria Gutierrez-Arcelus and Alkes Price and Towfique Raj and James Nisbett and Alexandra C. Nica and Claude Beazley and Richard Durbin and Panos Deloukas and Emmanouil T. Dermitzakis},
  editor = {Gregory S. Barsh},
  title = {Patterns of Cis Regulatory Variation in Diverse Human Populations},
  journal = {{PLoS} Genetics},
}

@Article{Friedman_2010,
  title = {Regularization Paths for Generalized Linear Models via Coordinate Descent},
  author = {Jerome Friedman and Trevor Hastie and Robert Tibshirani},
  journal = {Journal of Statistical Software},
  year = {2010},
  volume = {33},
  number = {1},
  pages = {1--22},
  url = {http://www.jstatsoft.org/v33/i01/},
}

@Misc{Bates_2014a,
  title = {{lme4}: Linear mixed-effects models using Eigen and S4},
  year = {2014},
  author = {Douglas Bates and Martin Maechler and Benjamin M. Bolker and Steven Walker},
  note = {ArXiv e-print; submitted to \emph{Journal of Statistical Software}},
  url = {http://arxiv.org/abs/1406.5823},
}

@Article{Zhang_2015,
  doi = {10.1038/ng.3220},
  url = {http://dx.doi.org/10.1038/ng.3220},
  year = {2015},
  month = {feb},
  publisher = {Nature Publishing Group},
  volume = {47},
  number = {4},
  pages = {345--352},
  author = {Xiaoling Zhang and Roby Joehanes and Brian H Chen and Tianxiao Huan and Saixia Ying and Peter J Munson and Andrew D Johnson and Daniel Levy and Christopher J O\textquotesingleDonnell},
  title = {Identification of common genetic variants controlling transcript isoform variation in human whole blood},
  journal = {Nat Genet},
}

@Article{Howie_2012,
  doi = {10.1038/ng.2354},
  url = {http://dx.doi.org/10.1038/ng.2354},
  year = {2012},
  month = {jul},
  publisher = {Nature Publishing Group},
  volume = {44},
  number = {8},
  pages = {955--959},
  author = {Bryan Howie and Christian Fuchsberger and Matthew Stephens and Jonathan Marchini and Gon{\c c}alo R Abecasis},
  title = {Fast and accurate genotype imputation in genome-wide association studies through pre-phasing},
  journal = {Nat Genet},
}

@Article{Simon_2011,
  title = {Regularization Paths for Cox's Proportional Hazards Model via Coordinate Descent},
  author = {Noah Simon and Jerome Friedman and Trevor Hastie and Rob Tibshirani},
  journal = {Journal of Statistical Software},
  year = {2011},
  volume = {39},
  number = {5},
  pages = {1--13},
  url = {http://www.jstatsoft.org/v39/i05/},
}

@Article{Nicolae_2010,
  doi = {10.1371/journal.pgen.1000888},
  url = {http://dx.doi.org/10.1371/journal.pgen.1000888},
  year = {2010},
  month = {apr},
  publisher = {Public Library of Science ({PLoS})},
  volume = {6},
  number = {4},
  pages = {e1000888},
  author = {Dan L. Nicolae and Eric Gamazon and Wei Zhang and Shiwei Duan and M. Eileen Dolan and Nancy J. Cox},
  editor = {Greg Gibson},
  title = {Trait-Associated {SNPs} Are More Likely to Be {eQTLs}: Annotation to Enhance Discovery from {GWAS}},
  journal = {{PLoS} Genetics},
}

@Article{Stranger_2007,
  doi = {10.1038/ng2142},
  url = {http://dx.doi.org/10.1038/ng2142},
  year = {2007},
  month = {sep},
  publisher = {Nature Publishing Group},
  volume = {39},
  number = {10},
  pages = {1217--1224},
  author = {Barbara E Stranger and Alexandra C Nica and Matthew S Forrest and Antigone Dimas and Christine P Bird and Claude Beazley and Catherine E Ingle and Mark Dunning and Paul Flicek and Daphne Koller and Stephen Montgomery and Simon Tavar{\a'e} and Panos Deloukas and Emmanouil T Dermitzakis},
  title = {Population genomics of human gene expression},
  journal = {Nat Genet},
}

@Article{Morris_2012,
  doi = {10.1038/ng.2383},
  url = {http://dx.doi.org/10.1038/ng.2383},
  year = {2012},
  month = {aug},
  publisher = {Nature Publishing Group},
  volume = {44},
  number = {9},
  pages = {981--990},
  author = {Andrew P Morris and Benjamin F Voight and Tanya M Teslovich and Teresa Ferreira and Ayellet V Segr{\a`e} and Valgerdur Steinthorsdottir and Rona J Strawbridge and Hassan Khan and Harald Grallert and Anubha Mahajan and Inga Prokopenko and Hyun Min Kang and Christian Dina and Tonu Esko and Ross M Fraser and Stavroula Kanoni and Ashish Kumar and Vasiliki Lagou and Claudia Langenberg and Jian\textquotesinglean Luan and Cecilia M Lindgren and Martina M{\"u}ller-Nurasyid and Sonali Pechlivanis and N William Rayner and Laura J Scott and Steven Wiltshire and Loic Yengo and Leena Kinnunen and Elizabeth J Rossin and Soumya Raychaudhuri and Andrew D Johnson and Antigone S Dimas and Ruth J F Loos and Sailaja Vedantam and Han Chen and Jose C Florez and Caroline Fox and Ching-Ti Liu and Denis Rybin and David J Couper and Wen Hong L Kao and Man Li and Marilyn C Cornelis and Peter Kraft and Qi Sun and Rob M {van Dam} and Heather M Stringham and Peter S Chines and Krista Fischer and Pierre Fontanillas and Oddgeir L Holmen and Sarah E Hunt and Anne U Jackson and Augustine Kong and Robert Lawrence and Julia Meyer and John R B Perry and Carl G P Platou and Simon Potter and Emil Rehnberg and Neil Robertson and Suthesh Sivapalaratnam and Alena Stan{\v c}{\a'a}kov{\a'a} and Kathleen Stirrups and Gudmar Thorleifsson and Emmi Tikkanen and Andrew R Wood and Peter Almgren and Mustafa Atalay and Rafn Benediktsson and Lori L Bonnycastle and No{\"e}l Burtt and Jason Carey and Guillaume Charpentier and Andrew T Crenshaw and Alex S F Doney and Mozhgan Dorkhan and Sarah Edkins and Valur Emilsson and Elodie Eury and Tom Forsen and Karl Gertow and Bruna Gigante and George B Grant and Christopher J Groves and Candace Guiducci and Christian Herder and Astradur B Hreidarsson and Jennie Hui and Alan James and Anna Jonsson and Wolfgang Rathmann and Norman Klopp and Jasmina Kravic and Kaarel Krjut{\v s}kov and Cordelia Langford and Karin Leander and Eero Lindholm and St{\a'e}phane Lobbens and Satu M{\"a}nnist{\"o} and Ghazala Mirza and Thomas W M{\"u}hleisen and Bill Musk and Melissa Parkin and Loukianos Rallidis and Jouko Saramies and Bengt Sennblad and Sonia Shah and Gunnar Sigur{\dh}sson and Angela Silveira and Gerald Steinbach and Barbara Thorand and Joseph Trakalo and Fabrizio Veglia and Roman Wennauer and Wendy Winckler and Delilah Zabaneh and Harry Campbell and Cornelia {van Duijn} and Andre G Uitterlinden and Albert Hofman and Eric Sijbrands and Goncalo R Abecasis and Katharine R Owen and Eleftheria Zeggini and Mieke D Trip and Nita G Forouhi and Ann-Christine Syv{\"a}nen and Johan G Eriksson and Leena Peltonen and Markus M N{\"o}then and Beverley Balkau and Colin N A Palmer and Valeriya Lyssenko and Tiinamaija Tuomi and Bo Isomaa and David J Hunter and Lu Qi and Alan R Shuldiner and Michael Roden and Ines Barroso and Tom Wilsgaard and John Beilby and Kees Hovingh and Jackie F Price and James F Wilson and Rainer Rauramaa and Timo A Lakka and Lars Lind and George Dedoussis and Inger Nj{\o}lstad and Nancy L Pedersen and Kay-Tee Khaw and Nicholas J Wareham and Sirkka M Keinanen-Kiukaanniemi and Timo E Saaristo and Eeva Korpi-Hy{\"o}v{\"a}lti and Juha Saltevo and Markku Laakso and Johanna Kuusisto and Andres Metspalu and Francis S Collins and Karen L Mohlke and Richard N Bergman and Jaakko Tuomilehto and Bernhard O Boehm and Christian Gieger and Kristian Hveem and Stephane Cauchi and Philippe Froguel and Damiano Baldassarre and Elena Tremoli and Steve E Humphries and Danish Saleheen and John Danesh and Erik Ingelsson and Samuli Ripatti and Veikko Salomaa and Raimund Erbel and Karl-Heinz J{\"o}ckel and Susanne Moebus and Annette Peters and Thomas Illig and Ulf {de Faire} and Anders Hamsten and Andrew D Morris and Peter J Donnelly and Timothy M Frayling and Andrew T Hattersley and Eric Boerwinkle and Olle Melander and Sekar Kathiresan and Peter M Nilsson and Panos Deloukas and Unnur Thorsteinsdottir and Leif C Groop and Kari Stefansson and Frank Hu and James S Pankow and Jos{\a'e}e Dupuis and James B Meigs and David Altshuler and Michael Boehnke and Mark I McCarthy},
  title = {Large-scale association analysis provides insights into the genetic architecture and pathophysiology of type 2 diabetes},
  journal = {Nat Genet},
}

@Article{Cheung_2005,
  doi = {10.1038/nature04244},
  url = {http://dx.doi.org/10.1038/nature04244},
  year = {2005},
  month = {oct},
  publisher = {Nature Publishing Group},
  volume = {437},
  number = {7063},
  pages = {1365--1369},
  author = {Vivian G. Cheung and Richard S. Spielman and Kathryn G. Ewens and Teresa M. Weber and Michael Morley and Joshua T. Burdick},
  title = {Mapping determinants of human gene expression by regional and genome-wide association},
  journal = {Nature},
}

@Article{Gusev_2014,
  doi = {10.1016/j.ajhg.2014.10.004},
  url = {http://dx.doi.org/10.1016/j.ajhg.2014.10.004},
  year = {2014},
  month = {nov},
  publisher = {Elsevier {BV}},
  volume = {95},
  number = {5},
  pages = {535--552},
  author = {Alexander Gusev and S.~Hong Lee and Gosia Trynka and Hilary Finucane and Bjarni~J. Vilhj{\a'a}lmsson and Han Xu and Chongzhi Zang and Stephan Ripke and Brendan Bulik-Sullivan and Eli Stahl and Anna K. K{\"a}hler and Christina M. Hultman and Shaun M. Purcell and Steven A. McCarroll and Mark Daly and Bogdan Pasaniuc and Patrick F. Sullivan and Benjamin M. Neale and Naomi R. Wray and Soumya Raychaudhuri and Alkes L. Price},
  title = {Partitioning Heritability of Regulatory and Cell-Type-Specific Variants across 11 Common Diseases},
  journal = {The American Journal of Human Genetics},
}

@Article{Purcell_2009,
  doi = {10.1038/nature08185},
  url = {http://dx.doi.org/10.1038/nature08185},
  year = {2009},
  month = {jul},
  publisher = {Nature Publishing Group},
  author = {Shaun M. Purcell and Naomi R. Wray and Jennifer L. Stone and Peter M. Visscher and Michael C. O\textquotesingleDonovan and Patrick F. Sullivan and Pamela Sklar and Shaun M. Purcell (Leader) and Jennifer L. Stone and Patrick F. Sullivan and Douglas M. Ruderfer and Andrew McQuillin and Derek W. Morris and Colm T. O'Dushlaine and Aiden Corvin and Peter A. Holmans and Michael C. O'Donovan and Pamela Sklar and Naomi R. Wray and Stuart Macgregor and Pamela Sklar and Patrick F. Sullivan and Michael C. O'Donovan and Peter M. Visscher and Hugh Gurling and Douglas H. R. Blackwood and Aiden Corvin and Nick J. Craddock and Michael Gill and Christina M. Hultman and George K. Kirov and Paul Lichtenstein and Andrew McQuillin and Walter J. Muir and Michael C. O\textquotesingleDonovan and Michael J. Owen and Carlos N. Pato and Shaun M. Purcell and Edward M. Scolnick and David St Clair and Jennifer L. Stone and Patrick F. Sullivan and Pamela Sklar (Leader) and Michael C. O\textquotesingleDonovan and George K. Kirov and Nick J. Craddock and Peter A. Holmans and Nigel M. Williams and Lyudmila Georgieva and Ivan Nikolov and N. Norton and H. Williams and Draga Toncheva and Vihra Milanova and Michael J. Owen and Christina M. Hultman and Paul Lichtenstein and Emma F. Thelander and Patrick Sullivan and Derek W. Morris and Colm T. O\textquotesingleDushlaine and Elaine Kenny and Emma M. Quinn and Michael Gill and Aiden Corvin and Andrew McQuillin and Khalid Choudhury and Susmita Datta and Jonathan Pimm and Srinivasa Thirumalai and Vinay Puri and Robert Krasucki and Jacob Lawrence and Digby Quested and Nicholas Bass and Hugh Gurling and Caroline Crombie and Gillian Fraser and Soh Leh Kuan and Nicholas Walker and David St Clair and Douglas H. R. Blackwood and Walter J. Muir and Kevin A. McGhee and Ben Pickard and Pat Malloy and Alan W. Maclean and Margaret Van Beck and Naomi R. Wray and Stuart Macgregor and Peter M. Visscher and Michele T. Pato and Helena Medeiros and Frank Middleton and Celia Carvalho and Christopher Morley and Ayman Fanous and David Conti and James A. Knowles and Carlos Paz Ferreira and Antonio Macedo and M. Helena Azevedo and Carlos N. Pato and Jennifer L. Stone and Douglas M. Ruderfer and Andrew N. Kirby and Manuel A. R. Ferreira and Mark J. Daly and Shaun M. Purcell and Pamela Sklar and Shaun M. Purcell and Jennifer L. Stone and Kimberly Chambert and Douglas M. Ruderfer and Finny Kuruvilla and Stacey B. Gabriel and Kristin Ardlie and Jennifer L. Moran and Mark J. Daly and Edward M. Scolnick and Pamela Sklar},
  title = {Common polygenic variation contributes to risk of schizophrenia and bipolar disorder},
  journal = {Nature},
}

@Manual{R_Core_Team_2015,
  title = {R: A Language and Environment for Statistical Computing},
  author = {{R Core Team}},
  organization = {R Foundation for Statistical Computing},
  address = {Vienna, Austria},
  year = {2015},
  url = {http://www.R-project.org/},
}

@Article{Yang_2011,
  doi = {10.1016/j.ajhg.2010.11.011},
  url = {http://dx.doi.org/10.1016/j.ajhg.2010.11.011},
  year = {2011},
  month = {jan},
  publisher = {Elsevier {BV}},
  volume = {88},
  number = {1},
  pages = {76--82},
  author = {Jian Yang and S. Hong Lee and Michael E. Goddard and Peter M. Visscher},
  title = {{GCTA}: A Tool for Genome-wide Complex Trait Analysis},
  journal = {The American Journal of Human Genetics},
}

@Article{Zou_2005,
  doi = {10.1111/j.1467-9868.2005.00503.x},
  url = {http://dx.doi.org/10.1111/j.1467-9868.2005.00503.x},
  year = {2005},
  month = {apr},
  publisher = {Wiley-Blackwell},
  volume = {67},
  number = {2},
  pages = {301--320},
  author = {Hui Zou and Trevor Hastie},
  title = {Regularization and variable selection via the elastic net},
  journal = {Journal of the Royal Statistical Society: Series B (Statistical Methodology)},
}

@Article{Stahl_2012,
  doi = {10.1038/ng.2232},
  url = {http://dx.doi.org/10.1038/ng.2232},
  year = {2012},
  month = {mar},
  publisher = {Nature Publishing Group},
  volume = {44},
  number = {5},
  pages = {483--489},
  author = {Eli A Stahl and Daniel Wegmann and Gosia Trynka and Javier Gutierrez-Achury and Ron Do and Benjamin F Voight and Peter Kraft and Robert Chen and Henrik J Kallberg and Fina A S Kurreeman and Sekar Kathiresan and Cisca Wijmenga and Peter K Gregersen and Lars Alfredsson and Katherine A Siminovitch and Jane Worthington and Paul I W {de Bakker} and Soumya Raychaudhuri and Robert M Plenge},
  title = {Bayesian inference analyses of the polygenic architecture of rheumatoid arthritis},
  journal = {Nat Genet},
}

@Article{Nica_2010,
  doi = {10.1371/journal.pgen.1000895},
  url = {http://dx.doi.org/10.1371/journal.pgen.1000895},
  year = {2010},
  month = {apr},
  publisher = {Public Library of Science ({PLoS})},
  volume = {6},
  number = {4},
  pages = {e1000895},
  author = {Alexandra C. Nica and Stephen B. Montgomery and Antigone S. Dimas and Barbara E. Stranger and Claude Beazley and In{\^e}s Barroso and Emmanouil T. Dermitzakis},
  editor = {Greg Gibson},
  title = {Candidate Causal Regulatory Effects by Integration of Expression {QTLs} with Complex Trait Genetic Associations},
  journal = {{PLoS} Genetics},
}

@Article{Albert_2015,
  doi = {10.1038/nrg3891},
  url = {http://dx.doi.org/10.1038/nrg3891},
  year = {2015},
  month = {feb},
  publisher = {Nature Publishing Group},
  volume = {16},
  number = {4},
  pages = {197--212},
  author = {Frank W. Albert and Leonid Kruglyak},
  title = {The role of regulatory variation in complex traits and disease},
  journal = {Nat Rev Genet},
}
